<?xml version="1.0" encoding="UTF-8"?><collection xmlns="http://www.loc.gov/MARC21/slim"><record><leader>00386nam--2200121-i-4500</leader><controlfield tag="001">000042532</controlfield><controlfield tag="002">20161230</controlfield><controlfield tag="005">20161230201043</controlfield><controlfield tag="008">060222s1000------------r-----000-0-eng-d</controlfield><datafield ind1=" " ind2=" " tag="245"><subfield code="a">Springer series in comp.math. vol.14:solving ordinary diff.equations ii. stidd and differential algebraic problems</subfield></datafield><datafield ind1=" " ind2=" " tag="260"><subfield code="a">Berlin, Springer-verlag, 1991</subfield></datafield><datafield ind1=" " ind2=" " tag="700"><subfield code="a">E.Hairer And G.Wanner</subfield></datafield><datafield ind1=" " ind2=" " tag="852"><subfield code="a">74240</subfield></datafield></record></collection>